<?xml version="1.0" encoding="UTF-8"?><collection xmlns="http://www.loc.gov/MARC21/slim"><record><leader>00610nam--2200181-i-4500</leader><controlfield tag="001">000015410</controlfield><controlfield tag="002">20161230</controlfield><controlfield tag="005">20161230201031</controlfield><controlfield tag="008">060222s1000------------r-----000-0-eng-d</controlfield><datafield ind1=" " ind2=" " tag="040"><subfield code="a">IFIN-HH</subfield></datafield><datafield ind1=" " ind2=" " tag="080"><subfield code="a">537.312.62:638.945(063)</subfield></datafield><datafield ind1="1" ind2=" " tag="100"><subfield code="a">Buckel, W./S.A.</subfield></datafield><datafield ind1="1" ind2="0" tag="245"><subfield code="a">SUPERCONDUCTIVITY IN d- AND f-BAND METALS 1982</subfield><subfield code="b">Proceedings of the iv, conference karlsruhe, june 28-30, 1982. dedicated to bernd t. matthias</subfield><subfield code="c">W. buckel; w. weber (eds.)</subfield></datafield><datafield ind1=" " ind2=" " tag="260"><subfield code="a">Karlsruhe</subfield><subfield code="b">Kernforschungzentrum</subfield><subfield code="c">1982</subfield></datafield><datafield ind1=" " ind2=" " tag="300"><subfield code="a">XVI + 644 P</subfield></datafield><datafield ind1=" " ind2=" " tag="490"><subfield code="a">Proceedings</subfield></datafield><datafield ind1=" " ind2=" " tag="852"><subfield code="a">72475</subfield><subfield code="c">537:538</subfield></datafield><datafield ind1=" " ind2=" " tag="CAT"><subfield code="a">Sys</subfield><subfield code="c">20110627</subfield><subfield code="h">125216</subfield></datafield></record></collection>